%% This BibTeX bibliography file was created using BibDesk.
%% https://bibdesk.sourceforge.io/

%% Created for Ole.Shelton at 2025-03-06 12:20:11 -0800 


%% Saved with string encoding Unicode (UTF-8) 



@book{aitchison1986,
	address = {London},
	author = {Aitchison, J},
	date-added = {2025-03-06 12:17:40 -0800},
	date-modified = {2025-03-06 12:20:09 -0800},
	publisher = {Chapman and Hall},
	title = {The Statistical Analysis of Compositional Data},
	year = {1986}}

@article{bailey2014,
	author = {Bailey, Larissa L. and MacKenzie, Darryl I. and Nichols, James D.},
	doi = {10.1111/2041-210X.12100},
	journal = {Methods in Ecology and Evolution},
	number = {12},
	pages = {1269-1279},
	title = {Advances and Applications of Occupancy Models},
	volume = {5},
	year = {2014},
	bdsk-url-1 = {https://doi.org/10.1111/2041-210X.12100}}

@article{rota2009,
	author = {Rota, Christopher T. and Fletcher Jr, Robert J. and Dorazio, Robert M. and Betts, Matthew G.},
	doi = {10.1111/j.1365-2664.2009.01734.x},
	journal = {Journal of Applied Ecology},
	number = {6},
	pages = {1173-1181},
	title = {Occupancy Estimation and the Closure Assumption},
	volume = {46},
	year = {2009},
	bdsk-url-1 = {https://doi.org/10.1111/j.1365-2664.2009.01734.x}}

@article{thomsen2015,
	author = {Thomsen, Philip F. and Willerslev, Eske},
	doi = {10.1016/j.biocon.2014.11.019},
	journal = {Biological Conservation},
	pages = {4-18},
	title = {Environmental {{DNA}} -- {{An}} Emerging Tool in Conservation for Monitoring Past and Present Biodiversity},
	volume = {183},
	year = {2015},
	bdsk-url-1 = {https://doi.org/10.1016/j.biocon.2014.11.019}}

@article{jerde2011,
	author = {Jerde, Christopher L. and Mahon, Andrew R. and Chadderton, W. Lindsay and Lodge, David M.},
	doi = {10.1111/j.1755-263X.2010.00158.x},
	journal = {Conservation Letters},
	number = {2},
	pages = {150-157},
	title = {``{{Sight-unseen}}'' Detection of Rare Aquatic Species Using Environmental {{DNA}}: {{eDNA}} Surveillance of Rare Aquatic Species},
	volume = {4},
	year = {2011},
	bdsk-url-1 = {https://doi.org/10.1111/j.1755-263X.2010.00158.x}}

@article{gilbey2021,
	author = {Gilbey, John and Carvalho, Gary and Castilho, Rita and Coscia, Ilaria and Coulson, Mark W. and Dahle, Geir and Derycke, Sofie and Francisco, Sara M. and Helyar, Sarah J. and Johansen, Torild and Junge, Claudia and Layton, Kara K.S. and Martinsohn, Jann and Matejusova, Iveta and Robalo, Joana I. and Rodr{\'\i}guez-Ezpeleta, Naiara and Silva, Gon{\c c}alo and Strammer, Ilona and Vasem{\"a}gi, Anti and Volckaert, Filip A.M.},
	doi = {10.1016/j.marpol.2020.104331},
	journal = {Marine Policy},
	pages = {104331},
	title = {Life in a Drop: {{Sampling}} Environmental {{DNA}} for Marine Fishery Management and Ecosystem Monitoring},
	volume = {124},
	year = {2021},
	bdsk-url-1 = {https://doi.org/10.1016/j.marpol.2020.104331}}

@article{valsecchi2020,
	author = {Valsecchi, Elena and Bylemans, Jonas and Goodman, Simon J. and Lombardi, Roberto and Carr, Ian and Castellano, Laura and Galimberti, Andrea and Galli, Paolo},
	doi = {10.1002/edn3.72},
	journal = {Environmental DNA},
	number = {4},
	pages = {460--476},
	title = {Novel Universal Primers for Metabarcoding Environmental {{DNA}} Surveys of Marine Mammals and Other Marine Vertebrates},
	url = {https://onlinelibrary.wiley.com/doi/10.1002/edn3.72},
	volume = {2},
	year = {2020},
	bdsk-url-1 = {https://onlinelibrary.wiley.com/doi/10.1002/edn3.72},
	bdsk-url-2 = {https://doi.org/10.1002/edn3.72}}

@article{gloor2017,
	author = {Gloor, Gregory B. and Macklaim, Jean M. and Pawlowsky-Glahn, Vera and Egozcue, Juan J.},
	doi = {10.3389/fmicb.2017.02224},
	journal = {Frontiers in Microbiology},
	pages = {2224},
	title = {Microbiome Datasets Are Compositional: {{And}} This Is Not Optional},
	url = {http://journal.frontiersin.org/article/10.3389/fmicb.2017.02224/full},
	volume = {8},
	year = {2017},
	bdsk-url-1 = {http://journal.frontiersin.org/article/10.3389/fmicb.2017.02224/full},
	bdsk-url-2 = {https://doi.org/10.3389/fmicb.2017.02224}}

@article{altschul1990,
	author = {Altschul, Stephen F. and Gish, Warren and Miller, Webb and Myers, Eugene W. and Lipman, David J.},
	doi = {10.1016/S0022-2836(05)80360-2},
	journal = {Journal of Molecular Biology},
	number = {3},
	pages = {403-410},
	title = {Basic Local Alignment Search Tool},
	volume = {215},
	year = {1990},
	bdsk-url-1 = {https://doi.org/10.1016/S0022-2836(05)80360-2}}

@article{andres2023,
	author = {Andres, Kara J. and Lodge, David M. and Andr{\'e}s, Jose},
	doi = {10.1073/pnas.2307345120},
	journal = {Proceedings of the National Academy of Sciences},
	number = {37},
	pages = {e2307345120},
	title = {Environmental {{DNA}} Reveals the Genetic Diversity and Population Structure of an Invasive Species in the {{Laurentian Great Lakes}}},
	urlyear = {2024},
	volume = {120},
	year = {2023},
	bdsk-url-1 = {https://doi.org/10.1073/pnas.2307345120}}

@article{allan2023,
	author = {Allan, Elizabeth Andruszkiewicz and Kelly, Ryan P. and D'Agnese, Erin R. and Garber‐Yonts, Maya N. and Shaffer, Megan R. and Gold, Zachary J. and Shelton, Andrew O.},
	doi = {10.1002/eap.2914},
	journal = {Ecological Applications},
	number = {8},
	pages = {e2914},
	title = {Quantifying Impacts of an Environmental Intervention Using Environmental {{DNA}}},
	url = {https://esajournals.onlinelibrary.wiley.com/doi/10.1002/eap.2914},
	volume = {33},
	year = {2023},
	bdsk-url-1 = {https://esajournals.onlinelibrary.wiley.com/doi/10.1002/eap.2914},
	bdsk-url-2 = {https://doi.org/10.1002/eap.2914}}

@article{andres2022,
	author = {Andres, Kara J. and Lambert, Timothy D. and Lodge, David M. and Andr{\'e}s, Jose and Jackson, James R.},
	doi = {10.1002/edn3.366},
	journal = {Environmental DNA},
	number = {1},
	pages = {edn3.366},
	title = {Combining Sampling Gear to Optimally Inventory Species Highlights the Efficiency of {{eDNA}} Metabarcoding},
	url = {https://onlinelibrary.wiley.com/doi/10.1002/edn3.366},
	volume = {5},
	year = {2022},
	bdsk-url-1 = {https://onlinelibrary.wiley.com/doi/10.1002/edn3.366},
	bdsk-url-2 = {https://doi.org/10.1002/edn3.366}}

@article{laidig2007,
	author = {Laidig, Thomas E. and Chess, James R. and Howard, Daniel F.},
	journal = {Fisheries Bulletin},
	number = {39-48},
	pages = {39--48},
	title = {Relationship between abundance of juvenile rockfishes ({{Sebastes}} spp.) and environmental variables documented off northern {{California}} and potential mechanisms for the covariation},
	volume = {105},
	year = {2007}}

@article{guri2023,
	author = {Guri, Gledis and Westgaard, Jon-Ivar and Yoccoz, Nigel and Wangensteen, Owen S. and Pr{\ae}bel, Kim and Ray, Jessica Louise and Kelly, Ryan P. and Shelton, Andrew Olaf and Hanebrekke, Tanja and Johansen, Torild},
	doi = {10.1002/edn3.409},
	journal = {Environmental DNA},
	number = {1},
	pages = {e409},
	title = {Maximizing Sampling Efficiency to Detect Differences in Fish Community Composition Using Environmental {{DNA}} Metabarcoding in Subarctic Fjords},
	url = {https://onlinelibrary.wiley.com/doi/10.1002/edn3.409},
	volume = {6},
	year = {2024},
	bdsk-url-1 = {https://onlinelibrary.wiley.com/doi/10.1002/edn3.409},
	bdsk-url-2 = {https://doi.org/10.1002/edn3.409}}

@article{mclaren2019,
	author = {McLaren, Michael R. and Willis, Amy D. and Callahan, Benjamin J.},
	doi = {10.7554/eLife.46923},
	journal = {eLife},
	pages = {e46923},
	title = {Consistent and Correctable Bias in Metagenomic Sequencing Experiments},
	url = {https://elifesciences.org/articles/46923},
	volume = {8},
	year = {2019},
	bdsk-url-1 = {https://elifesciences.org/articles/46923},
	bdsk-url-2 = {https://doi.org/10.7554/eLife.46923}}

@article{litz2008,
	author = {Litz, Marisa N. C. and Heppell, Selina A. and Emmett, Robert L. and Brodeur, Richard D.},
	journal = {California Cooperative Oceanic Fisheries Investigations Reports},
	pages = {167--182},
	title = {Ecology and Distribution of the Northern Subpopulation of Northern Anchovy (\textit{Engraulis mordax}) off the {{U.S. West Coast}}},
	volume = {49},
	year = {2008}}

@article{miya2015,
	author = {Miya, M. and Sato, Y. and Fukunaga, T. and Sado, T. and Poulsen, J. Y. and Sato, K. and Minamoto, T. and Yamamoto, S. and Yamanaka, H. and Araki, H. and Kondoh, M. and Iwasaki, W.},
	doi = {10.1098/rsos.150088},
	journal = {Royal Society Open Science},
	pages = {150088},
	title = {{{MiFish}}, a Set of Universal {{PCR}} Primers for Metabarcoding Environmental {{DNA}} from Fishes: {{Detection}} of More than 230 Subtropical Marine Species},
	volume = {2},
	year = {2015},
	bdsk-url-1 = {https://doi.org/10.1098/rsos.150088}}

@article{stoeckle2022a,
	author = {Stoeckle, Mark Y. and Ausubel, Jesse H. and Coogan, Michael},
	doi = {10.1002/edn3.376},
	journal = {Environmental DNA},
	number = {1},
	pages = {e376},
	title = {{{12S}} Gene Metabarcoding with {{DNA}} Standard Quantifies Marine Bony Fish Environmental {{{\textsc{DNA}}}} , Identifies Threshold for Reproducible Detection, and Overcomes Distortion Due to Amplification of Non‐fish {{DNA}}},
	url = {https://onlinelibrary.wiley.com/doi/10.1002/edn3.376},
	volume = {6},
	year = {2022},
	bdsk-url-1 = {https://onlinelibrary.wiley.com/doi/10.1002/edn3.376},
	bdsk-url-2 = {https://doi.org/10.1002/edn3.376}}

@article{strickler2015,
	author = {Strickler, Katherine M. and Fremier, Alexander K. and Goldberg, Caren S.},
	doi = {10.1016/j.biocon.2014.11.038},
	journal = {Biological Conservation},
	pages = {85--92},
	publisher = {Elsevier Ltd},
	title = {Quantifying Effects of {{UV-B}}, Temperature, and {{pH}} on {{eDNA}} Degradation in Aquatic Microcosms},
	url = {http://dx.doi.org/10.1016/j.biocon.2014.11.038},
	volume = {183},
	year = {2015},
	bdsk-url-1 = {http://dx.doi.org/10.1016/j.biocon.2014.11.038}}

@article{shelton2023,
	author = {Shelton, Andrew O. and Gold, Zachary J. and Jensen, Alexander J. and D'Agnese, Erin and Andruszkiewicz Allan, Elizabeth and Van Cise, Amy and Gallego, Ram{\'o}n and Ram{\'o}n‐Laca, Ana and Garber‐Yonts, Maya and Parsons, Kim and Kelly, Ryan P.},
	doi = {10.1002/ecy.3906},
	journal = {Ecology},
	number = {2},
	pages = {e3906},
	title = {Toward Quantitative Metabarcoding},
	volume = {104},
	year = {2023},
	bdsk-url-1 = {https://doi.org/10.1002/ecy.3906}}

@article{shelton2019,
	author = {Shelton, Andrew O. and Kelly, Ryan P. and O'Donnell, James L. and Park, Linda and Schwenke, Piper and Greene, Correigh and Henderson, Richard A. and Beamer, Eric M.},
	doi = {10.1016/j.biocon.2019.07.003},
	journal = {Biological Conservation},
	pages = {383--391},
	title = {Environmental {{DNA}} Provides Quantitative Estimates of a Threatened Salmon Species},
	url = {https://linkinghub.elsevier.com/retrieve/pii/S0006320718318469},
	volume = {237},
	year = {2019},
	bdsk-url-1 = {https://linkinghub.elsevier.com/retrieve/pii/S0006320718318469},
	bdsk-url-2 = {https://doi.org/10.1016/j.biocon.2019.07.003}}

@article{quigley2024,
	author = {Quigley, Lucinda A. and Franks, Peter J. S. and Thompson, Andrew R. and Field, John C. and Santora, Jarrod A.},
	doi = {10.3354/meps14718},
	journal = {Marine Ecology Progress Series},
	pages = {109--125},
	title = {Quantifying the Fates and Retention of Larval Rockfish through {{Lagrangian}} Analyses},
	url = {https://www.int-res.com/abstracts/meps/v749/p109-125/},
	volume = {749},
	year = {2024},
	bdsk-url-1 = {https://www.int-res.com/abstracts/meps/v749/p109-125/},
	bdsk-url-2 = {https://doi.org/10.3354/meps14718}}

@article{andruszkiewiczallan2021,
	author = {Andruszkiewicz Allan, Elizabeth and Zhang, Weifeng Gordon and C. Lavery, Andone and F. Govindarajan, Annette},
	doi = {10.1002/edn3.141},
	journal = {Environmental DNA},
	number = {2},
	pages = {492-514},
	title = {Environmental {{DNA}} Shedding and Decay Rates from Diverse Animal Forms and Thermal Regimes},
	url = {https://onlinelibrary.wiley.com/doi/10.1002/edn3.141},
	volume = {3},
	year = {2021},
	bdsk-url-1 = {https://onlinelibrary.wiley.com/doi/10.1002/edn3.141},
	bdsk-url-2 = {https://doi.org/10.1002/edn3.141}}

@article{baetscher2023,
	author = {Baetscher, Diana S. and Nuetzel, Hayley M. and Garza, John Carlos},
	doi = {10.1007/s10592-023-01521-6},
	journal = {Conservation Genetics},
	number = {5},
	pages = {563--574},
	title = {Highly Accurate Species Identification of {{Eastern Pacific}} Rockfishes ({{Sebastes}} Spp.) with High-Throughput {{DNA}} Sequencing},
	url = {https://link.springer.com/10.1007/s10592-023-01521-6},
	volume = {24},
	year = {2023},
	bdsk-url-1 = {https://link.springer.com/10.1007/s10592-023-01521-6},
	bdsk-url-2 = {https://doi.org/10.1007/s10592-023-01521-6}}

@article{bosley2014,
	author = {Bosley, Keith L. and Miller, Todd W. and Brodeur, Richard D. and Bosley, Katelyn M. and Van Gaest, Ahna and Elz, Anna},
	doi = {10.1007/s00227-014-2513-8},
	journal = {Marine Biology},
	number = {10},
	pages = {2381-2393},
	title = {Feeding Ecology of Juvenile Rockfishes off {{Oregon}} and {{Washington}} Based on Stomach Content and Stable Isotope Analyses},
	url = {http://link.springer.com/10.1007/s00227-014-2513-8},
	volume = {161},
	year = {2014},
	bdsk-url-1 = {http://link.springer.com/10.1007/s00227-014-2513-8},
	bdsk-url-2 = {https://doi.org/10.1007/s00227-014-2513-8}}

@article{brodziak2000,
	author = {Brodziak, Jon and Mikus, Robert},
	journal = {Fisheries Bulletin},
	number = {4},
	pages = {661-673},
	title = {{{Variation}} in life history parameters of {{Dover}} sole, \textit{Microstomus pacificus}, off the coasts of {{Washington}}, {{Oregon}}, and northern {{California}}},
	url = {https://api.semanticscholar.org/CorpusID:88240570},
	volume = {98},
	year = {2000},
	bdsk-url-1 = {https://api.semanticscholar.org/CorpusID:88240570}}

@article{callahan2016,
	author = {Callahan, Benjamin J. and McMurdie, Paul J. and Rosen, Michael J. and Han, Andrew W. and Johnson, Amy Jo A. and Holmes, Susan P.},
	doi = {10.1038/nmeth.3869},
	journal = {Nature Methods},
	number = {7},
	pages = {581-583},
	title = {{{DADA2}}: {{High-resolution}} Sample Inference from {{Illumina}} Amplicon Data},
	url = {https://www.nature.com/articles/nmeth.3869},
	volume = {13},
	year = {2016},
	bdsk-url-1 = {https://www.nature.com/articles/nmeth.3869},
	bdsk-url-2 = {https://doi.org/10.1038/nmeth.3869}}

@article{collins2018,
	author = {Collins, Rupert A. and Wangensteen, Owen S. and O'Gorman, Eoin J. and Mariani, Stefano and Sims, David W. and Genner, Martin J.},
	doi = {10.1038/s42003-018-0192-6},
	journal = {Communications Biology},
	number = {1},
	pages = {185},
	title = {Persistence of Environmental {{DNA}} in Marine Systems},
	url = {https://www.nature.com/articles/s42003-018-0192-6},
	volume = {1},
	year = {2018},
	bdsk-url-1 = {https://www.nature.com/articles/s42003-018-0192-6},
	bdsk-url-2 = {https://doi.org/10.1038/s42003-018-0192-6}}

@article{diaz2020,
	author = {D{\'\i}az, Cecilia and Wege, Franziska-Frederike and Tang, Cuong Q. and Crampton-Platt, Alexandra and R{\"u}del, Heinz and Eilebrecht, Elke and Koschorreck, Jan},
	doi = {10.1038/s41598-020-71238-w},
	journal = {Scientific Reports},
	number = {1},
	pages = {14352},
	title = {Aquatic Suspended Particulate Matter as Source of {{eDNA}} for Fish Metabarcoding},
	url = {https://www.nature.com/articles/s41598-020-71238-w},
	volume = {10},
	year = {2020},
	bdsk-url-1 = {https://www.nature.com/articles/s41598-020-71238-w},
	bdsk-url-2 = {https://doi.org/10.1038/s41598-020-71238-w}}

@article{dibattista2022,
	author = {Joseph D. DiBattista and Ashley M. Fowler and Indiana J. Riley and Sally Reader and Amanda Hay and Kerryn Parkinson and Jean-Paul A. Hobbs},
	doi = {10.1016/j.marpolbul.2022.113860},
	journal = {Marine Pollution Bulletin},
	pages = {113860},
	title = {The Use of Environmental {{DNA}} to Monitor Impacted Coastal Estuaries},
	url = {https://linkinghub.elsevier.com/retrieve/pii/S0025326X22005422},
	volume = {181},
	year = {2022},
	bdsk-url-1 = {https://linkinghub.elsevier.com/retrieve/pii/S0025326X22005422},
	bdsk-url-2 = {https://doi.org/10.1016/j.marpolbul.2022.113860}}

@article{drazen2007,
	author = {Drazen, C. Jeffrey},
	doi = {10.1016/j.dsr.2006.10.007},
	journal = {Deep Sea Research Part I: Oceanographic Research Papers},
	number = {2},
	pages = {203-219},
	title = {Depth Related Trends in Proximate Composition of Demersal Fishes in the Eastern {{North Pacific}}},
	url = {https://linkinghub.elsevier.com/retrieve/pii/S0967063706002925},
	volume = {54},
	year = {2007},
	bdsk-url-1 = {https://linkinghub.elsevier.com/retrieve/pii/S0967063706002925},
	bdsk-url-2 = {https://doi.org/10.1016/j.dsr.2006.10.007}}

@article{drazen2012,
	author = {Drazen, Jeffrey C. and Haedrich, Richard L.},
	doi = {10.1016/j.dsr.2011.11.002},
	journal = {Deep Sea Research Part I: Oceanographic Research Papers},
	pages = {34-42},
	title = {A Continuum of Life Histories in Deep-Sea Demersal Fishes},
	url = {https://linkinghub.elsevier.com/retrieve/pii/S0967063711001993},
	volume = {61},
	year = {2012},
	bdsk-url-1 = {https://linkinghub.elsevier.com/retrieve/pii/S0967063711001993},
	bdsk-url-2 = {https://doi.org/10.1016/j.dsr.2011.11.002}}

@article{gold2023,
	author = {Gold, Zachary J. and Shelton, Andrew O. and Casendino, Helen R. and Duprey, Joe and Gallego, Ram{\'o}n and Van Cise, Amy and Fisher, Mary and Jensen, Alexander J. and D'Agnese, Erin and Andruszkiewicz Allan, Elizabeth and Ram{\'o}n-Laca, Ana and Garber-Yonts, Maya and Labare, Michaela and Parsons, Kim M. and Kelly, Ryan P.},
	doi = {10.1371/journal.pone.0285674},
	journal = {PLOS ONE},
	number = {5},
	pages = {e0285674},
	title = {Signal and Noise in Metabarcoding Data},
	url = {https://dx.plos.org/10.1371/journal.pone.0285674},
	volume = {18},
	year = {2023},
	bdsk-url-1 = {https://dx.plos.org/10.1371/journal.pone.0285674},
	bdsk-url-2 = {https://doi.org/10.1371/journal.pone.0285674}}

@article{guri2024,
	author = {Guri, Gledis and Ray, Jessica Louise and Shelton, Andrew Olaf and Kelly, Ryan P. and Pr{\ae}bel, Kim and Andruszkiewicz Allan, Elizabeth and Yoccoz, Nigel and Johansen, Torild and Wangensteen, Owen S. and Hanebrekke, Tanja and Westgaard, Jon-Ivar},
	doi = {10.1002/ece3.70678},
	journal = {Ecology and Evolution},
	number = {12},
	pages = {e70678},
	title = {Quantifying the {{Detection Sensitivity}} and {{Precision}} of {{{\textsc{qPCR}}}} and {{{\textsc{ddPCR}}}} {{Mechanisms}} for {{{\textsc{eDNA}}}} {{Samples}}},
	url = {https://onlinelibrary.wiley.com/doi/10.1002/ece3.70678},
	volume = {14},
	year = {2024},
	bdsk-url-1 = {https://onlinelibrary.wiley.com/doi/10.1002/ece3.70678},
	bdsk-url-2 = {https://doi.org/10.1002/ece3.70678}}

@article{guri2024a,
	author = {Guri, Gledis and Shelton, Andrew Olaf and Kelly, Ryan P and Yoccoz, Nigel and Johansen, Torild and Pr{\ae}bel, Kim and Hanebrekke, Tanja and Ray, Jessica Louise and Fall, Johanna and Westgaard, Jon-Ivar},
	doi = {10.1093/icesjms/fsae097},
	editor = {Grant, W Stewart},
	journal = {ICES Journal of Marine Science},
	number = {8},
	pages = {1536-1548},
	title = {Predicting Trawl Catches Using Environmental {{DNA}}},
	url = {https://academic.oup.com/icesjms/advance-article/doi/10.1093/icesjms/fsae097/7728836},
	volume = {81},
	year = {2024},
	bdsk-url-1 = {https://academic.oup.com/icesjms/advance-article/doi/10.1093/icesjms/fsae097/7728836},
	bdsk-url-2 = {https://doi.org/10.1093/icesjms/fsae097}}

@article{hickey2003,
	author = {Hickey, Barbara M. and Banas, Neil S.},
	doi = {10.1007/BF02803360},
	journal = {Estuaries},
	number = {4},
	pages = {1010-1031},
	title = {Oceanography of the {{U}}.{{S}}. {{Pacific Northwest Coastal Ocean}} and Estuaries with Application to Coastal Ecology},
	url = {http://link.springer.com/10.1007/BF02803360},
	volume = {26},
	year = {2003},
	bdsk-url-1 = {http://link.springer.com/10.1007/BF02803360},
	bdsk-url-2 = {https://doi.org/10.1007/BF02803360}}

@article{hickey2005,
	author = {Hickey, B. and Geier, S. and Kachel, N. and MacFadyen, A.},
	doi = {10.1016/j.csr.2005.04.010},
	journal = {Continental Shelf Research},
	number = {14},
	pages = {1631-1656},
	title = {A Bi-Directional River Plume: {{The Columbia}} in Summer},
	volume = {25},
	year = {2005},
	bdsk-url-1 = {https://doi.org/10.1016/j.csr.2005.04.010}}

@article{hickey2010,
	author = {Hickey, B. M. and Kudela, R. M. and Nash, J. D. and Bruland, K. W. and Peterson, W. T. and MacCready, P. and Lessard, E. J. and Jay, D. A. and Banas, N. S. and Baptista, A. M. and Dever, E. P. and Kosro, P. M. and Kilcher, L. K. and Horner‐Devine, A. R. and Zaron, E. D. and McCabe, R. M. and Peterson, J. O. and Orton, P. M. and Pan, J. and Lohan, M. C.},
	doi = {10.1029/2009JC005452},
	journal = {Journal of Geophysical Research: Oceans},
	pages = {C00B17},
	title = {River {{Influences}} on {{Shelf Ecosystems}}: {{Introduction}} and Synthesis},
	url = {https://agupubs.onlinelibrary.wiley.com/doi/10.1029/2009JC005452},
	volume = {115},
	year = {2010},
	bdsk-url-1 = {https://agupubs.onlinelibrary.wiley.com/doi/10.1029/2009JC005452},
	bdsk-url-2 = {https://doi.org/10.1029/2009JC005452}}

@article{jo2019b,
	author = {Jo, Toshiaki and Murakami, Hiroaki and Yamamoto, Satoshi and Masuda, Reiji and Minamoto, Toshifumi},
	doi = {10.1002/ece3.4802},
	journal = {Ecology and Evolution},
	number = {3},
	pages = {1135-1146},
	title = {Effect of Water Temperature and Fish Biomass on Environmental {{DNA}} Shedding, Degradation, and Size Distribution},
	volume = {9},
	year = {2019},
	bdsk-url-1 = {https://doi.org/10.1002/ece3.4802}}

@article{kaplan2019,
	author = {Kaplan, Isaac C. and Francis, Tessa B. and Punt, Andr{\'e} E. and Koehn, Laura E. and Curchitser, Enrique and Hurtado-Ferro, Felipe and Johnson, Kelli F. and Lluch-Cota, Salvador E. and Sydeman, William J. and Essington, Timothy E. and Taylor, Nathan and Holsman, Kirstin and MacCall, Alec D. and Levin, Phillip S.},
	doi = {10.3354/meps12504},
	journal = {Marine Ecology Progress Series},
	pages = {307-321},
	title = {A Multi-Model Approach to Understanding the Role of {{Pacific}} Sardine in the {{California Current}} Food Web},
	url = {https://www.int-res.com/abstracts/meps/v617-618/p307-321/},
	volume = {617-618},
	year = {2019},
	bdsk-url-1 = {https://www.int-res.com/abstracts/meps/v617-618/p307-321/},
	bdsk-url-2 = {https://doi.org/10.3354/meps12504}}

@article{tolimieri2015,
	author = {Tolimieri, N. and Shelton, A. O. and Feist, B. E. and Simon, V.},
	doi = {10.1890/ES14-00363.1},
	journal = {Ecosphere},
	number = {12},
	pages = {1-13},
	title = {Can We Increase Our Confidence about the Locations of Biodiversity `hotspots' by Using Multiple Diversity Indices?},
	volume = {6},
	year = {2015},
	bdsk-url-1 = {https://doi.org/10.1890/ES14-00363.1}}

@unpublished{valdiviacarrillo2025,
	author = {Valdivia-Carrillo, Tania and Shaffer, Megan and Parsons, Kim and Jacobson, Eiren K. and Shelton, Andrew O. and Im, Ally and Nichols, Krista M. and Wells, Abigail and Ram{\'o}n-Laca, Ana and Kelly, Ryan P. and Van Cise, Amy},
	note = {In Revision},
	title = {Leveraging metabarcoding and generalized additive models to describe cetacean eDNA distribution along the Washington State coast using opportunistic samples}}

@article{veilleux2021,
	author = {Veilleux, Heather D. and Misutka, Melissa D. and Glover, Chris N.},
	doi = {10.1016/j.scitotenv.2021.146891},
	journal = {Science of The Total Environment},
	pages = {146891},
	title = {Environmental {{DNA}} and Environmental {{RNA}}: {{Current}} and Prospective Applications for Biological Monitoring},
	url = {https://linkinghub.elsevier.com/retrieve/pii/S0048969721019616},
	volume = {782},
	year = {2021},
	bdsk-url-1 = {https://linkinghub.elsevier.com/retrieve/pii/S0048969721019616},
	bdsk-url-2 = {https://doi.org/10.1016/j.scitotenv.2021.146891}}

@article{vetter1994,
	author = {Russell D. Vetter and Eric A. Lynn and Morales-de la Garza and A. S. V. Costa},
	doi = {10.1007/BF00381950},
	journal = {Marine Biology},
	number = {1},
	pages = {145-159},
	title = {Depth Zonation and Metabolic Adaptation in {{Dover}} Sole, {{Microstomus}} Pacificus, and Other Deep-Living Flatfishes: Factors That Affect the Sole},
	volume = {120},
	year = {1994},
	bdsk-url-1 = {https://doi.org/10.1007/BF00381950}}

@article{willis1982,
	author = {Willis, Jonathan M. and Pearcy, William G.},
	doi = {10.1007/BF00397299},
	journal = {Marine Biology},
	number = {1},
	pages = {87-98},
	title = {Vertical Distribution and Migration of Fishes of the Lower Mesopelagic Zone off {{Oregon}}},
	url = {http://link.springer.com/10.1007/BF00397299},
	volume = {70},
	year = {1982},
	bdsk-url-1 = {http://link.springer.com/10.1007/BF00397299},
	bdsk-url-2 = {https://doi.org/10.1007/BF00397299}}

@article{zwolinski2024,
	author = {Zwolinski, Juan P. and Demer, David A.},
	doi = {10.1111/fog.12664},
	journal = {Fisheries Oceanography},
	number = {3},
	pages = {e12664},
	title = {An Updated Model of Potential Habitat for Northern Stock {Pacific} sardine (\textit{Sardinops sagax}) and Its Use for Attributing Survey Observations and Fishery Landings},
	url = {https://onlinelibrary.wiley.com/doi/10.1111/fog.12664},
	volume = {33},
	year = {2024},
	bdsk-url-1 = {https://onlinelibrary.wiley.com/doi/10.1111/fog.12664},
	bdsk-url-2 = {https://doi.org/10.1111/fog.12664}}

@article{shaw2019,
	author = {Shaw, Jennifer L. A. and Weyrich, Laura S. and Hallegraeff, Gustaaf and Cooper, Alan},
	doi = {10.1111/mec.15055},
	issn = {0962-1083, 1365-294X},
	journal = {Molecular Ecology},
	number = {10},
	pages = {2476-2485},
	title = {Retrospective {{eDNA}} Assessment of Potentially Harmful Algae in Historical Ship Ballast Tank and Marine Port Sediments},
	url = {https://onlinelibrary.wiley.com/doi/10.1111/mec.15055},
	volume = {28},
	year = {2019},
	bdsk-url-1 = {https://onlinelibrary.wiley.com/doi/10.1111/mec.15055},
	bdsk-url-2 = {https://doi.org/10.1111/mec.15055}}

@article{shelton2022,
	author = {Shelton, Andrew Olaf and Ram{\'o}n-Laca, Ana and Wells, Abigail and Clemons, Julia and Chu, Dezhang and Feist, Blake E. and Kelly, Ryan P. and Parker-Stetter, Sandra L. and Thomas, Rebecca and Nichols, Krista M. and Park, Linda},
	doi = {10.1098/rspb.2021.2613},
	journal = {Proceedings of the Royal Society B: Biological Sciences},
	number = {1971},
	pages = {20212613},
	title = {Environmental {{DNA}} Provides Quantitative Estimates of {{Pacific}} Hake Abundance and Distribution in the Open Ocean},
	volume = {289},
	year = {2022},
	bdsk-url-1 = {https://doi.org/10.1098/rspb.2021.2613}}

@article{smith2002,
	author = {Smith, Katherine F. and Brown, James H.},
	doi = {10.1046/j.1466-822X.2002.00286.x},
	issn = {1466-822X, 1466-8238},
	journal = {Global Ecology and Biogeography},
	number = {4},
	pages = {313-322},
	title = {Patterns of Diversity, Depth Range and Body Size among Pelagic Fishes along a Gradient of Depth},
	url = {https://onlinelibrary.wiley.com/doi/10.1046/j.1466-822X.2002.00286.x},
	volume = {11},
	year = {2002},
	bdsk-url-1 = {https://onlinelibrary.wiley.com/doi/10.1046/j.1466-822X.2002.00286.x},
	bdsk-url-2 = {https://doi.org/10.1046/j.1466-822X.2002.00286.x}}

@article{moku2000,
	author = {Moku, Masatoshi and Kawaguchi, Kouichi and Watanabe, Hikaru and Ohno, Akinori},
	doi = {10.3354/meps207129},
	journal = {Marine Ecology Progress Series},
	pages = {129-140},
	title = {Feeding Habits of Three Dominant Myctophid Fishes, \textit{Diaphus theta}, \textit{Stenobrachius leucopsarus} and \textit{S. nannochir}, in the Subarctic and Transitional Waters of the {{Western North Pacific}}},
	url = {http://www.int-res.com/abstracts/meps/v207/p129-140/},
	volume = {207},
	year = {2000},
	bdsk-url-1 = {http://www.int-res.com/abstracts/meps/v207/p129-140/},
	bdsk-url-2 = {https://doi.org/10.3354/meps207129}}

@article{muenzel2024,
	author = {Muenzel, Dominic and Bani, Alessia and De Brauwer, Maarten and Stewart, Eleanor and Djakiman, Cilun and {Halwi} and Purnama, Ray and Yusuf, Syafyuddin and Santoso, Prakas and Hukom, Frensly D. and Struebig, Matthew and Jompa, Jamaluddin and Limmon, Gino and Dumbrell, Alex and Beger, Maria},
	doi = {10.1073/pnas.2307214121},
	journal = {Proceedings of the National Academy of Sciences},
	number = {17},
	pages = {e2307214121},
	title = {Combining Environmental {{DNA}} and Visual Surveys Can Inform Conservation Planning for Coral Reefs},
	volume = {121},
	year = {2024},
	bdsk-url-1 = {https://doi.org/10.1073/pnas.2307214121}}

@article{ono2016,
	author = {Ono, Kotaro and Shelton, Andrew O. and Ward, Eric J. and Thorson, James T. and Feist, Blake E. and Hilborn, Ray},
	doi = {10.1890/14-1874},
	journal = {Ecological Applications},
	number = {2},
	pages = {392-406},
	title = {Space‐time Investigation of the Effects of Fishing on Fish Populations},
	url = {https://esajournals.onlinelibrary.wiley.com/doi/10.1890/14-1874},
	volume = {26},
	year = {2016},
	bdsk-url-1 = {https://esajournals.onlinelibrary.wiley.com/doi/10.1890/14-1874},
	bdsk-url-2 = {https://doi.org/10.1890/14-1874}}

@article{parnel2008,
	author = {Parnel, Maria M. and Emmett, Robert L. and Brodeur, Richard D.},
	journal = {Fishery Bulletin},
	number = {2},
	pages = {161-173},
	title = {Ichthyoplankton Community in the {{Columbia River}} Plume off {{Oregon}}: Effects of Fluctuating Oceanographic Conditions},
	volume = {106},
	year = {2008}}

@article{pont2024,
	author = {Pont, Didier},
	doi = {10.1111/1755-0998.13934},
	journal = {Molecular Ecology Resources},
	number = {4},
	pages = {e13934},
	title = {Predicting Downstream Transport Distance of Fish {{eDNA}} in Lotic Environments},
	url = {https://onlinelibrary.wiley.com/doi/10.1111/1755-0998.13934},
	volume = {24},
	year = {2024},
	bdsk-url-1 = {https://onlinelibrary.wiley.com/doi/10.1111/1755-0998.13934},
	bdsk-url-2 = {https://doi.org/10.1111/1755-0998.13934}}

@article{ramon-laca2021,
	author = {Ram{\'o}n-Laca, Ana and Wells, Abigail and Park, Linda},
	doi = {10.1371/journal.pone.0257773},
	journal = {PLOS ONE},
	number = {9},
	pages = {e0257773},
	title = {A Workflow for the Relative Quantification of Multiple Fish Species from Oceanic Water Samples Using Environmental {{DNA}} ({{eDNA}}) to Support Large-Scale Fishery Surveys},
	url = {https://dx.plos.org/10.1371/journal.pone.0257773},
	volume = {16},
	year = {2021},
	bdsk-url-1 = {https://dx.plos.org/10.1371/journal.pone.0257773},
	bdsk-url-2 = {https://doi.org/10.1371/journal.pone.0257773}}

@article{stoeckle2024,
	author = {Stoeckle, Mark Y. and Ausubel, Jesse H. and Hinks, Greg and VanMorter, Stacy M.},
	doi = {10.1371/journal.pone.0313170},
	journal = {PLOS ONE},
	number = {11},
	pages = {e0313170},
	title = {A Potential Tool for Marine Biogeography: {{eDNA-dominant}} Fish Species Differ among Coastal Habitats and by Season Concordant with Gear-Based Assessments},
	volume = {19},
	year = {2024},
	bdsk-url-1 = {https://doi.org/10.1371/journal.pone.0313170}}

@article{suntsov2008,
	author = {Suntsov, Andrey V. and Brodeur, Richard D.},
	doi = {10.3354/meps07678},
	journal = {Marine Ecology Progress Series},
	pages = {81-96},
	title = {Trophic Ecology of Three Dominant Myctophid Species in the Northern {{California Current}} Region},
	volume = {373},
	year = {2008},
	bdsk-url-1 = {https://doi.org/10.3354/meps07678}}

@phdthesis{reynolds2001,
	author = {Reynolds, Julie Ann},
	school = {University of California, Berkeley},
	title = {Habitat Associations and Distribution of Widow Rockfish, \textit{Sebastes entomelas}, with Implications for Marine Reserve Design},
	url = {https://www.proquest.com/dissertations-theses/habitat-associations-distribution-widow-rockfish/docview/304683138/se-2?accountid=14784},
	year = {2001},
	bdsk-url-1 = {https://www.proquest.com/dissertations-theses/habitat-associations-distribution-widow-rockfish/docview/304683138/se-2?accountid=14784}}

@article{somers2018,
	author = {Somers, Kayleigh A. and Pfeiffer, Lisa and Miller, Stacey and Morrison, Wendy},
	doi = {10.1080/08920753.2018.1522492},
	journal = {Coastal Management},
	number = {6},
	pages = {621-637},
	title = {Using Incentives to Reduce Bycatch and Discarding: {{Results}} Under the {{West Coast}} Catch Share Program},
	url = {https://www.tandfonline.com/doi/full/10.1080/08920753.2018.1522492},
	volume = {46},
	year = {2018},
	bdsk-url-1 = {https://www.tandfonline.com/doi/full/10.1080/08920753.2018.1522492},
	bdsk-url-2 = {https://doi.org/10.1080/08920753.2018.1522492}}

@article{maes2023,
	author = {Maes, Sarah M. and Desmet, Sam and Brys, Rein and Sys, Klaas and Ruttink, Tom and Maes, Sara and Hostens, Kris and Vansteenbrugge, Lies and Derycke, Sofie},
	doi = {10.1002/edn3.426},
	journal = {Environmental DNA},
	number = {1},
	pages = {e426},
	title = {Detection and Quantification of Two Commercial Flatfishes \textit{Solea solea} and \textit{Pleuronectes platessa} in the {{North Sea}} Using Environmental {{DNA}}},
	url = {https://onlinelibrary.wiley.com/doi/10.1002/edn3.426},
	volume = {6},
	year = {2024},
	bdsk-url-1 = {https://onlinelibrary.wiley.com/doi/10.1002/edn3.426},
	bdsk-url-2 = {https://doi.org/10.1002/edn3.426}}

@article{kelly2024,
	author = {Kelly, Ryan P. and Lodge, David M. and Lee, Kai N. and Theroux, Susanna and Sepulveda, Adam J. and Scholin, Christopher A. and Craine, Joseph M. and Andruszkiewicz~Allan, Elizabeth and Nichols, Krista M. and Parsons, Kim M. and Goodwin, Kelly D. and Gold, Zachary and Chavez, Francisco P. and Noble, Rachel T. and Abbott, Cathryn L. and Baerwald, Melinda R. and Naaum, Amanda M. and Thielen, Peter M. and Simons, Ariel Levi and Jerde, Christopher L. and Duda, Jeffrey J. and Hunter, Margaret E. and Hagan, John A. and Meyer, Rachel Sarah and Steele, Joshua A. and Stoeckle, Mark Y. and Bik, Holly M. and Meyer, Christopher P. and Stein, Eric and James, Karen E. and Thomas, Austen C. and Demir‐Hilton, Elif and Timmers, Molly A. and Griffith, John F. and Weise, Michael J. and Weisberg, Stephen B.},
	doi = {10.1002/edn3.432},
	journal = {Environmental DNA},
	number = {1},
	pages = {e432},
	title = {Toward a National {{{\textsc{eDNA}}}} Strategy for the {{United States}}},
	url = {https://onlinelibrary.wiley.com/doi/10.1002/edn3.432},
	volume = {6},
	year = {2024},
	bdsk-url-1 = {https://onlinelibrary.wiley.com/doi/10.1002/edn3.432},
	bdsk-url-2 = {https://doi.org/10.1002/edn3.432}}

@article{kelly2019,
	author = {Kelly, Ryan P. and Shelton, Andrew Olaf and Gallego, Ram{\'o}n},
	doi = {10.1038/s41598-019-48546-x},
	journal = {Scientific Reports},
	number = {1},
	pages = {12133},
	title = {Understanding {{PCR}} Processes to Draw Meaningful Conclusions from Environmental {{DNA}} Studies},
	volume = {9},
	year = {2019},
	bdsk-url-1 = {https://doi.org/10.1038/s41598-019-48546-x}}

@article{kim2011,
	author = {Kim, Sangil and Barth, John A.},
	doi = {10.1029/2010JC006741},
	journal = {Journal of Geophysical Research},
	number = {C6},
	pages = {C06002},
	title = {Connectivity and Larval Dispersal along the {{Oregon}} Coast Estimated by Numerical Simulations},
	url = {http://doi.wiley.com/10.1029/2010JC006741},
	volume = {116},
	year = {2011},
	bdsk-url-1 = {http://doi.wiley.com/10.1029/2010JC006741},
	bdsk-url-2 = {https://doi.org/10.1029/2010JC006741}}

@article{ledger2024,
	author = {Ledger, Kimberly J. and Hicks, Mary Beth Rew and Hurst, Thomas P. and Larson, Wes and Baetscher, Diana S.},
	doi = {10.1002/edn3.70030},
	journal = {Environmental DNA},
	number = {5},
	pages = {e70030},
	title = {Validation of Environmental {{DNA}} for Estimating Proportional and Absolute Biomass},
	volume = {6},
	year = {2024},
	bdsk-url-1 = {https://doi.org/10.1002/edn3.70030}}

@article{liu2023,
	author = {Owen R. Liu and Eric J. Ward and Sean C. Anderson and Kelly S. Andrews and Lewis A.K. Barnett and Stephanie Brodie and Gemma Carroll and Jerome Fiechter and Melissa A. Haltuch and Chris J. Harvey and Elliott L. Hazen and Pierre-Yves Hernvann and Michael Jacox and Isaac C. Kaplan and Sean Matson and Karma Norman and Mercedes Pozo Buil and Rebecca L. Selden and Andrew Shelton and Jameal F. Samhouri},
	doi = {10.1126/sciadv.adg5468},
	journal = {Science Advances},
	number = {33},
	pages = {eadg5468},
	title = {Species Redistribution Creates Unequal Outcomes for Multispecies Fisheries under Projected Climate Change},
	volume = {9},
	year = {2023},
	bdsk-url-1 = {https://doi.org/10.1126/sciadv.adg5468}}

@article{kawaguchi1993,
	author = {Kawaguchi, Kouichi and Moser, H. Geoffrey},
	doi = {10.11369/jji1950.40.161},
	journal = {Japanese Journal of Ichthyology},
	number = {2},
	pages = {161-172},
	title = {Development and Distribution of the Early Life History Stages of the Mesopelagic Fish \textit{Tactostoma macropus} (Stomiidae) in the Transitional Waters of the North Pacific},
	volume = {40},
	year = {1993},
	bdsk-url-1 = {https://doi.org/10.11369/jji1950.40.161}}

@article{machler2018,
	author = {M{\"a}chler, Elvira and Osathanunkul, Maslin and Altermatt, Florian},
	doi = {10.1371/journal.pone.0195529},
	editor = {Doi, Hideyuki},
	journal = {PLOS ONE},
	number = {4},
	pages = {e0195529},
	title = {Shedding Light on {{eDNA}}: Neither Natural Levels of {{UV}} Radiation nor the Presence of a Filter Feeder Affect e{{DNA}}-based Detection of Aquatic Organisms},
	url = {https://dx.plos.org/10.1371/journal.pone.0195529},
	volume = {13},
	year = {2018},
	bdsk-url-1 = {https://dx.plos.org/10.1371/journal.pone.0195529},
	bdsk-url-2 = {https://doi.org/10.1371/journal.pone.0195529}}

@article{martin2011,
	author = {Martin, Marcel},
	doi = {10.14806/ej.17.1.200},
	journal = {EMBnet.journal},
	number = {1},
	pages = {10},
	title = {Cutadapt Removes Adapter Sequences from High-Throughput Sequencing Reads},
	volume = {17},
	year = {2011},
	bdsk-url-1 = {https://doi.org/10.14806/ej.17.1.200}}

@techreport{adams2019a,
	author = {Adams, Grant D and Kapur, Maia and McQuaw, Kristin and Thurner, Stephanie and Hamel, Owen and Stephens, Andi and Wetzel, Chantel},
	institution = {Pacific Fishery Management Council, Portland, Oregon.},
	title = {Stock {{Assessment Update}}: {{Status}} of {{Widow Rockfish}} (\textit{Sebastes Entomelas}) Along the {{U.S}}. {{West Coast}} in 2019},
	type = {{{Stock Assessment Update}}},
	year = {2019}}

@techreport{keller2017,
	author = {Keller, Aimee A. and Wallace, John R. and Methot, Richard D.},
	institution = {U.S. Department of Commerce, NOAA Technical Memorandum},
	title = {{{The Northwest Fisheries Science Center's West Coast Groundfish Bottom Trawl Survey: History, Design, and Description.}}},
	type = {{{NMFS-NWFSC-136}}},
	year = {2017}}

@techreport{kuriyama2022b,
	author = {Kuriyama, Peter T. and Zwolinski, Juan P. and Hill, Kevin T.},
	institution = {U.S. Department of Commerce, NOAA Technical Memorandum},
	number = {{{NMFS-SWFSC-662}}},
	title = {{{Update Assessment of the Pacific sardine resource in 2022 for U.S. management in 2022-2023}}},
	year = {2022}}

@techreport{kuriyama2022,
	author = {Kuriyama, Peter T. and Zwolinski, Juan P. and Teo, Steve L.H. and Hill, Kevin T.},
	institution = {U.S. Department of Commerce, NOAA Technical Memorandum},
	number = {{{NMFS-SWFSC-665}}},
	title = {Assessment of the northern anchovy (\textit{Engraulis mordax}) central subpopulation in 2021 for {{U.S.}} management},
	year = {2022}}

@techreport{deblois2020,
	author = {de Blois, Steve},
	institution = {U.S. Department of Commerce, NOAA Processed Report},
	title = {The 2019 {{Joint U.S.-Canada Integrated Ecosystem and Pacific Hake Acoustic-Trawl Survey: Cruise Report SH-19-06}}},
	type = {{{NMFS-NWFSC-PR-2020-03}}},
	year = {2020}}

@article{anderson2022,
	author = {Anderson, Sean C. and Ward, Eric J. and English, Philina A. and Barnett, Lewis A. K. and Thorson, James T.},
	doi = {10.1101/2022.03.24.485545},
	journal = {bioRxiv},
	title = {{{sdmTMB}}: {{An R Package}} for {{Fast}}, {{Flexible}}, and {{User-Friendly Generalized Linear Mixed Effects Models}} with {{Spatial}} and {{Spatiotemporal Random Fields}}},
	url = {http://biorxiv.org/lookup/doi/10.1101/2022.03.24.485545},
	year = {2022},
	bdsk-url-1 = {http://biorxiv.org/lookup/doi/10.1101/2022.03.24.485545},
	bdsk-url-2 = {https://doi.org/10.1101/2022.03.24.485545}}

@inproceedings{Pikitch2012,
	author = {Ellen K. Pikitch and P. Dee Boersma and Ian L. Boyd and David O. Conover and Philippe M. Cury and Timothy E. Essington and Selina S. Heppell and Edward D. Houde and Marc Mangel and Daniel Pauly and Eva Plaganyi-Lloyd and Keith Sainsbury and Robert S. Steneck},
	booktitle = {Proceedings of the Lenfest Ocean Program},
	note = {Report from the Lenfest Forage Fish Task Force},
	title = {Little Fish, Big Impact: Managing a Crucial Link in Ocean Food Webs},
	url = {https://www.lenfestocean.org/~/media/legacy/Lenfest/PDFs/littlefishbigimpact_revised_12june12.pdf?la=en},
	year = {2012},
	bdsk-url-1 = {https://www.lenfestocean.org/~/media/legacy/Lenfest/PDFs/littlefishbigimpact_revised_12june12.pdf?la=en}}

@article{hunter1990,
	author = {Hunter, John R. and Butler, John L. and Kimbrell, Carol and Lynn, Eric},
	journal = {California Cooperative Oceanic Fisheries Investigations Reports},
	pages = {132--144},
	title = {Bathymetric Patterns in Size, Age, Sexual Maturity, Water Content, and Caloric Density of {{Dover}} Sole, {{Microstomus}} Pacificus},
	volume = {31},
	year = {1990}}

@misc{standevelopmentteam2023,
	author = {{Stan Development Team}},
	title = {Stan {{Modeling Language Users Guide}} and {{Reference Manual}}},
	url = {https://mc-stan.org/},
	version = {2.26.1},
	year = {2023},
	bdsk-url-1 = {https://mc-stan.org/}}

@misc{rcoreteam2024,
	author = {{R Core Team}},
	location = {Vienna, Austria},
	organization = {R Foundation for Statistical Computing},
	title = {R: {{A Language}} and {{Environment}} for {{Statistical Computing}}},
	url = {https://www.R-project.org/},
	version = {4.4.1},
	year = {2024},
	bdsk-url-1 = {https://www.R-project.org/}}

@book{steinbeck1945,
	author = {Steinbeck, John},
	publisher = {Viking Press},
	title = {Cannery {{Row}}},
	year = {1945}}

@incollection{Tissot2008TwentyYO,
	author = {Tissot, Brian N. and Wakefield, W. Waldo and Hixon, Mark A. and Clemons, J.},
	booktitle = {Marine Habitat Mapping Technology for Alaska},
	editor = {J.R. Reynolds and H.G. Greene},
	publisher = {Alaska Sea Grant for North Pacific Research Board},
	title = {Twenty Years of Fish-Habitat Studies on Heceta Bank, Oregon},
	url = {https://api.semanticscholar.org/CorpusID:44677461},
	year = {2008},
	bdsk-url-1 = {https://api.semanticscholar.org/CorpusID:44677461}}

@article{lindgren2024,
	author = {Finn Lindgren and Fabian Bachl and Janine Illian and Man Ho Suen and H{\aa}vard Rue and Andrew E. Seaton},
	doi = {10.48550/arXiv.2407.00791},
	journal = {bioRxiv},
	title = {{inlabru}: software for fitting latent Gaussian models with non-linear predictors},
	url = {https://doi.org/10.48550/arXiv.2407.00791},
	year = {2024},
	bdsk-url-1 = {https://doi.org/10.48550/arXiv.2407.00791}}

@article{lindgren2011,
	author = {Lindgren, Finn and Rue, H{\aa}vard and Lindstr{\"o}m, Johan},
	doi = {10.1111/j.1467-9868.2011.00777.x},
	journal = {Journal of the Royal Statistical Society Series B: Statistical Methodology},
	number = {4},
	pages = {423-498},
	title = {An Explicit Link between Gaussian Fields and Gaussian Markov Random Fields: The Stochastic Partial Differential Equation Approach},
	volume = {73},
	year = {2011},
	bdsk-url-1 = {https://doi.org/10.1111/j.1467-9868.2011.00777.x}}
